<collection xmlns="http://www.loc.gov/MARC21/slim">
<record>
  <leader>01608nam0a22002651i 450 </leader>
  <controlfield tag="001">IT\ICCU\CNCE\063873</controlfield>
  <controlfield tag="005">20060127000000.0</controlfield>
  <datafield tag="012" ind1=" " ind2=" ">
    <subfield code="a">ist* o-m, a-ni letu (C) 1553 (R)</subfield>
    <subfield code="2">fei</subfield>
  </datafield>
  <datafield tag="100" ind1=" " ind2=" ">
    <subfield code="a">20060124d1553        0itac0103    ba</subfield>
  </datafield>
  <datafield tag="101" ind1=" " ind2=" ">
    <subfield code="a">LAT</subfield>
  </datafield>
  <datafield tag="102" ind1=" " ind2=" ">
    <subfield code="a">IT</subfield>
  </datafield>
  <datafield tag="200" ind1="1" ind2=" ">
    <subfield code="a">℗Hieronimi Fracastorii veronensis. ℗De temperatura vini sententia. Consalui Barredae hispani, Sententiam perpendens libellus</subfield>
  </datafield>
  <datafield tag="210" ind1=" " ind2=" ">
    <subfield code="a">Camerini</subfield>
    <subfield code="c">apud Antonium Gioiosum</subfield>
    <subfield code="d">1553</subfield>
    <subfield code="e">Camerini</subfield>
    <subfield code="g">apud Antonium Gioiosum</subfield>
    <subfield code="h">1553</subfield>
  </datafield>
  <datafield tag="215" ind1=" " ind2=" ">
    <subfield code="a">\68! c.</subfield>
    <subfield code="d">4o</subfield>
  </datafield>
  <datafield tag="300" ind1=" " ind2=" ">
    <subfield code="a">ANNULLATA !!!!!!   vedi 19611((Il Sententiam perpendens libellus inizia con proprio front. a c. D3v. -Marca (Z371) sul front. e a c. D3v. - Cors. ; rom. - Segn.: A-R4</subfield>
  </datafield>
  <datafield tag="620" ind1=" " ind2=" ">
    <subfield code="a">IT</subfield>
    <subfield code="d">Camerino</subfield>
  </datafield>
  <datafield tag="700" ind1=" " ind2="1">
    <subfield code="a">Fracastoro,</subfield>
    <subfield code="b">Girolamo</subfield>
    <subfield code="3">IT\ICCU\CNCA\005527</subfield>
  </datafield>
  <datafield tag="712" ind1="0" ind2="0">
    <subfield code="a">Gioioso, Antonio</subfield>
    <subfield code="3">IT\ICCU\CNCT\000826</subfield>
    <subfield code="4">650</subfield>
  </datafield>
  <datafield tag="790" ind1=" " ind2="1">
    <subfield code="a">Fracastorius,</subfield>
    <subfield code="b">Hieronymus</subfield>
    <subfield code="3">IT\ICCU\CNCA\022805</subfield>
    <subfield code="z">Fracastoro, Girolamo</subfield>
  </datafield>
  <datafield tag="791" ind1="0" ind2="0">
    <subfield code="a">Gioiosus, Antonius</subfield>
    <subfield code="3">IT\ICCU\CNCT\004881</subfield>
    <subfield code="z">Gioioso, Antonio</subfield>
  </datafield>
  <datafield tag="801" ind1=" " ind2="3">
    <subfield code="a">IT</subfield>
    <subfield code="b">ICCU</subfield>
    <subfield code="c">20201115</subfield>
  </datafield>
  <datafield tag="899" ind1=" " ind2=" ">
    <subfield code="a">Biblioteca del Seminario Vescovile della Facolt ̉Teologica del Triveneto dell&apos;Istituto Filosofico Aloisianum. Padova</subfield>
    <subfield code="1">PD0073</subfield>
    <subfield code="2">PUV 01</subfield>
  </datafield>
  <datafield tag="899" ind1=" " ind2=" ">
    <subfield code="a">Biblioteca del Monumento nazionale di Praglia. Teolo</subfield>
    <subfield code="1">PD0206</subfield>
    <subfield code="2">PUV 24</subfield>
  </datafield>
  <datafield tag="899" ind1=" " ind2=" ">
    <subfield code="a">Biblioteca Lancisiana. Roma</subfield>
    <subfield code="1">RM0260</subfield>
    <subfield code="2">RMS H8</subfield>
  </datafield>
  <datafield tag="921" ind1=" " ind2=" ">
    <subfield code="a">IT\ICCU\CNCM\000056</subfield>
    <subfield code="b">Stella cometa su fiamma che arde da un tronco. In cornice formata da due rami di olivo e palma tenuti da due putti.</subfield>
    <subfield code="e">Quo maius appareo, eo fulgeo et ardeo magis.</subfield>
    <subfield code="c">Q4</subfield>
    <subfield code="c">V32</subfield>
    <subfield code="c">Z371</subfield>
    <subfield code="d">Dimensioni: 7,8 x 10,7</subfield>
    <subfield code="f">FIAMMA</subfield>
    <subfield code="f">OLIVO</subfield>
    <subfield code="f">PUTTI</subfield>
    <subfield code="f">QUOMAIUSAP</subfield>
    <subfield code="f">STELLA</subfield>
    <subfield code="g">1553-1599</subfield>
  </datafield>
</record>
</collection>
